
@misc{noauthor_opensuse_nodate,
	title = {{openSUSE} {Tumbleweed}},
	url = {https://get.opensuse.org/tumbleweed.html},
	abstract = {Learn about the openSUSE distributions and download them for free},
	language = {en},
	urldate = {2023-11-09},
	journal = {Get openSUSE},
}

@misc{cottle_learn_nodate,
	title = {Learn {Git} {Branching}},
	url = {https://pcottle.github.io/learnGitBranching/index.html?demo},
	abstract = {An interactive Git visualization tool to educate and challenge!},
	language = {en},
	urldate = {2023-11-09},
	author = {Cottle, Peter},
}

@misc{noauthor_git_nodate,
	title = {Git},
	url = {https://git-scm.com/},
	urldate = {2023-11-09},
}

@misc{noauthor_github:_nodate,
	title = {{GitHub}: {Let}â€™s build from here},
	shorttitle = {{GitHub}},
	url = {https://github.com/},
	abstract = {GitHub is where over 100 million developers shape the future of software, together. Contribute to the open source community, manage your Git repositories, review code like a pro, track bugs and fea...},
	language = {en},
	urldate = {2023-11-09},
	journal = {GitHub},
}
