
@misc{microsoft_notitle_nodate,
	url = {https://www.microsoft.com/pl-pl/windows},
	abstract = {Poznaj wszechstronność systemu operacyjnego Windows 11 Microsoft. Przekonaj się, jak najnowszy system operacyjny Windows daje Ci więcej możliwości pracy, zabawy i tworzenia.},
	language = {pl-pl},
	urldate = {2024-01-23},
	journal = {Windows},
	author = {{Microsoft}},
}

@misc{noauthor_successful_nodate,
	title = {A successful {Git} branching model},
	url = {http://nvie.com/posts/a-successful-git-branching-model/},
	abstract = {In this post I present a Git branching strategy for developing and releasing software as I’ve used it in many of my projects, and which has turned out to be very successful.},
	language = {en},
	urldate = {2024-01-23},
	journal = {nvie.com},
}

@misc{noauthor_gitkraken_nodate,
	title = {{GitKraken} {Legendary} {Git} {Tools} {\textbar} {GitKraken}},
	url = {https://www.gitkraken.com},
	abstract = {Meet GitKraken, the creator of legendary Git tools for developers and teams - like the GitKraken Client, with Git GUI and CLI, Git Integration for Jira, and GitLens for VS Code.},
	language = {en-US},
	urldate = {2024-01-23},
}

@misc{noauthor_what_nodate,
	title = {What is {Git} {Flow} {\textbar} {How} to use {Git} {Flow} {\textbar} {Learn} {Git}},
	url = {https://www.gitkraken.com/learn/git/git-flow},
	abstract = {Learn about the Git Flow workflow, including what it is, how to use Git flow, and compare it to other Git branching strategies like GitHub flow and GitLab flow.},
	language = {en-US},
	urldate = {2024-01-23},
}
