@misc{noauthor_opensuse_nodate,
	title = {{openSUSE} {Tumbleweed}},
	url = {https://get.opensuse.org/tumbleweed.html},
	abstract = {Learn about the openSUSE distributions and download them for free},
	language = {en},
	urldate = {2024-01-24},
	journal = {Get openSUSE},
}

@misc{noauthor_flask_nodate,
	title = {Flask},
	url = {https://flask.palletsprojects.com/en/3.0.x/},
	urldate = {2024-01-24},
}



@misc{kraus_docker_nodate,
	type = {Repozytorium},
	title = {Docker {Hub}},
	url = {https://hub.docker.com/repository/docker/alkatraz445/sipo/general},
	urldate = {2024-01-24},
}

@misc{noauthor_podman_nodate,
	title = {Podman},
	url = {https://podman.io/},
	language = {en},
	urldate = {2024-01-24},
}

@misc{noauthor_docker_2024,
	title = {Docker documentation},
	url = {https://docs.docker.com/},
	abstract = {Home page for Docker's documentation},
	language = {en},
	urldate = {2024-01-24},
	journal = {Docker Documentation},
	month = jan,
	year = {2024},
}
