
@misc{noauthor_opensuse_nodate,
	title = {{openSUSE} {Tumbleweed}},
	url = {https://get.opensuse.org/tumbleweed.html},
	abstract = {Learn about the openSUSE distributions and download them for free},
	language = {en},
	urldate = {2024-01-24},
	journal = {Get openSUSE},
}

@misc{noauthor_cmake_nodate,
	title = {{CMake} - {Upgrade} {Your} {Software} {Build} {System}},
	url = {https://cmake.org/},
	abstract = {CMake is a powerful and comprehensive solution for managing the software build process. CMake is the de-facto standard for building C++ code, with over 2 million downloads a month.},
	language = {en-US},
	urldate = {2024-01-24},
}
