
@misc{microsoft_notitle_nodate,
	url = {https://www.microsoft.com/pl-pl/windows},
	abstract = {Poznaj wszechstronność systemu operacyjnego Windows 11 Microsoft. Przekonaj się, jak najnowszy system operacyjny Windows daje Ci więcej możliwości pracy, zabawy i tworzenia.},
	language = {pl-pl},
	urldate = {2024-01-23},
	journal = {Windows},
	author = {{Microsoft}},
}

@misc{noauthor_my_nodate,
	title = {My {Project}: {Internationalization}},
	url = {https://www.doxygen.nl/manual/langhowto.html},
	urldate = {2024-01-23},
}

@misc{noauthor_doxygen_nodate,
	title = {Doxygen homepage},
	url = {https://www.doxygen.nl/index.html},
	abstract = {Source code documentation and analysis tool},
	urldate = {2024-01-23},
}
